@inproceedings{laconte2019lidar,
  title={Lidar measurement bias estimation via return waveform modelling in a context of 3d mapping},
  author={\textbf{J. Laconte} and Desch{\^e}nes, Simon-Pierre and Labussiere, Mathieu and Pomerleau, Fran{\c{c}}ois},
  booktitle={2019 International Conference on Robotics and Automation (ICRA)},
  pages={8100--8106},
  year={2019},
  organization={IEEE}
}

@inproceedings{laconte2019lambda,
  title={Lambda-Field: A Continuous Counterpart of the Bayesian Occupancy Grid for Risk Assessment},
  author={\textbf{J. Laconte} and Debain, Christophe and Chapuis, Roland and Pomerleau, Fran{\c{c}}ois and Aufr{\`e}re, Romuald},
  booktitle={2019 International Conference on Intelligent Robots and Systems (IROS)},
  pages={167--172},
  year={2019}
}

@article{Laconte2021IVloc,
author = {\textbf{J. Laconte} and Kasmi, Abderrahim and Aufr{\`{e}}re, Romuald and Vaidis, Maxime and Chapuis,Roland},
doi = {10.1109/IROS40897.2019.8968100},
eprint = {1903.02285},
file = {:home/johann/Documents/.mendeley/Lambda-Field A Continuous Counterpart Of The Bayesian Occupancy Grid For Risk Assessment And Safe Navigation{\_}Laconte et al.{\_}2020.pdf:pdf},
isbn = {9781728140049},
issn = {21530866},
journal = {Sensors},
title = {{A Survey of Localization Methods for Autonomous Vehicles in
Highway Scenarios}},
year = {2021}
}

@inproceedings{baril2020evaluation,
  title={Evaluation of Skid-Steering Kinematic Models for Subarctic Environments},
  author={Baril, Dominic and Grondin, Vincent and Desch{\^e}nes, Simon-Pierre and \textbf{J. Laconte} and Vaidis, Maxime and Kubelka, Vladim{\'\i}r and Gallant, Andr{\'e} and Giguere, Philippe and Pomerleau, Fran{\c{c}}ois},
  booktitle={2020 17th Conference on Computer and Robot Vision (CRV)},
  pages={198--205},
  year={2020},
  organization={IEEE}
}

@article{kasmi2020end,
  title={End-to-end probabilistic ego-vehicle localization framework},
  author={Kasmi, Abderrahim and \textbf{J. Laconte} and Aufr{\`e}re, Romuald and Denis, Dieumet and Chapuis, Roland},
  journal={IEEE Transactions on Intelligent Vehicles},
  volume={6},
  number={1},
  pages={146--158},
  year={2020},
  publisher={IEEE}
}

@article{labussiere2020geometry,
  title={Geometry preserving sampling method based on spectral decomposition for large-scale environments},
  author={Labussi{\`e}re, Mathieu and \textbf{J. Laconte} and Pomerleau, Fran{\c{c}}ois},
  journal={Frontiers in Robotics and AI},
  volume={7},
  year={2020},
  publisher={Frontiers Media SA}
}

@inproceedings{kasmi2020information,
  title={An Information Driven Approach For Ego-Lane Detection Using Lidar And OpenStreetMap},
  author={Kasmi, Abderrahim and \textbf{J. Laconte} and Aufr{\`e}re, Romuald and Theodose, Ruddy and Denis, Dieumet and Chapuis, Rol},
  booktitle={2020 16th International Conference on Control, Automation, Robotics and Vision (ICARCV)},
  pages={522--528},
  year={2020},
  organization={IEEE}
}

@inproceedings{vaidis2020improving,
  title={Improving the Iterative Closest Point Algorithm using Lie Algebra},
  author={Vaidis, Maxime and \textbf{J. Laconte} and Kubelka, Vladim{\'\i}r and Pomerleau, Fran{\c{c}}ois},
  booktitle={IROS 2020 Workshop: Bringing geometric methods to robot learning, optimization and control},
  year={2020}
}

@inproceedings{laconte2021dynamic,
  title={Dynamic Lambda-Field: A Counterpart of the Bayesian Occupancy Grid for Risk Assessment in Dynamic Environments},
  author={\textbf{J. Laconte} and Randriamiarintsoa, Elie and Kasmi, Abderrahim and Pomerleau, Fran{\c{c}}ois and Chapuis, Roland and Debain, Christophe and Aufr{\`e}re, Romuald},
  booktitle={2021 International Conference on Intelligent Robots and Systems (IROS)},
  year={2021}
}

@inproceedings{morceaux2021toward,
  title={Toward a Generalized Risk Assessment Method on Occupancy Grids},
  author={Morceaux, J{\'e}r{\'e}my and \textbf{J. Laconte} and Randriamiarintsoa, Elie and Morell, Ted and Malaterre, Laurent and Denis, Dieumet and Aufr{\`e}re, Romuald and Chapuis, Roland},
  booktitle={IROS 2021: Late Breaking Results},
  year={2021}
}

@article{laconte2021novel,
  title={A Novel Occupancy Mapping Framework for Risk-Aware Path Planning in Unstructured Environments},
  author={\textbf{J. Laconte} and Kasmi, Abderrahim and Pomerleau, Fran{\c{c}}ois and Chapuis, Roland and Malaterre, Laurent and Debain, Christophe and Aufr{\`e}re, Romuald},
  journal={Sensors},
  volume={21},
  number={22},
  pages={7562},
  year={2021},
  publisher={Multidisciplinary Digital Publishing Institute}
}

@article{baril2021kilometer,
  title={Kilometer-scale autonomous navigation in subarctic forests: challenges and lessons learned},
  author={Baril, Dominic and Desch{\^e}nes, Simon-Pierre and Gamache, Olivier and Vaidis, Maxime and LaRocque, Damien and \textbf{J. Laconte} and Kubelka, Vladim{\'\i}r and Gigu{\`e}re, Philippe and Pomerleau, Fran{\c{c}}ois},
  journal={Field Robotics},
  year={2022}
}
